%% NOTE: \LaTeX's comment character `%' is not a comment character in
%% the database files.  \BibTeX allows in the database files any
%% comment that's not within an entry.
%%
%% Repositorio de arquivos .bib disponiveis on-line:
%% http://liinwww.ira.uka.de/bibliography/index.html
%% http://www.math.utah.edu/~beebe/bibliographies.html
%%
%% Se voc� tiver problemas com acentos nas entradas do BibTeX, coloque-os
%% entre { e }, como em Jo{�}o ou ainda Jo{\~a}o.

%---------------------------------------------------------
% A A A
%---------------------------------------------------------

@BOOK {albertina.l.2010,
    author    = "ALBERTIN, A. L.",
    title     = "Comércio eletrônico: modelo, aspectos e contribuições de sua aplicação.",
    publisher = "Atlas",
    year      = "2010",
    address   = "São Paulo",
    edition   = "sixth",
    note      = "Pág. 41"
}

@article{andre2009,
   TITLE = {E-commerce - O melhor caminho para o mercado atual},
   AUTHOR = {ANDRÉ RIBEIRO DO NASCIMENTO and BRUNA FERREIRA DA SILVA and GISELE GOMES DOS SANTOS},
   issue_date = {2009},
   YEAR = {2009},
   note = {Fundação de ensino Eurípedes Soares da Rocha - UNIVEM - Curso de Administração e Marketing}
}

%---------------------------------------------------------
% B B B
%---------------------------------------------------------

@BOOK{bmc2011,
  key          = {bmc2011},
  author       = {Alexander Osterwalder and Yves Pigneur},
  year         = 2011,
  title        = {Business Model Generation - Inovação em Modelos de Negócios},
  publisher    = {Alta Books},
  address      = {Rio de Janeiro},
  note        = {Pág. 16-45}
}

@article{bmctese2004-,
   TITLE = {THE BUSINESS MODEL ONTOLOGY A PROPOSITION IN A DESIGN SCIENCE APPROACH},
   AUTHOR = {Alexander OSTERWALDER},
   school = {UNIVERSITE DE LAUSANNE ECOLE DES HAUTES ETUDES COMMERCIALES},
   YEAR = {2004},
   address = {Switzerland},
   HOWPUBLISHED = {\url{http://www.hec.unil.ch/aosterwa/PhD/Osterwalder_PhD_BM_Ontology.pdf}},
   note = {Pós-graduação em Ciência da Computação e Organização (DPIO) pela Escola HEC da Universidade de Lausanne}
}

 
@PHDTHESIS {bmctese2004,
    author = "Alexander OSTERWALDER",
    title  = "The business model ontology a proposition in a design science approach",
    school = "Universite de Lausanne Ecole Des Hautes Etudes Commerciales",
    year   = "2004",
    note   = "Licencié en Sciences Politiques."
}

@article{bmcmoveis2013,
   TITLE = {Bussines Model Canvas: a construção do modelo de negócio de uma empresa de móveis},
   AUTHOR = {Mayara Atherino Macedo and Alvaro Guillermo Rojas Lezana
 and Nelson Casarotto Filho and Maiara Gizelli Dallazen Camillo},
   YEAR = {2013},
   address = {Rezende, Rio de Janeiro},
   note = {X SEGeT - Simpósio de Excelência em Gestão e Tecnologia.}
}


%---------------------------------------------------------
% C C C
%---------------------------------------------------------

@article{criticalfactors2012,
   TITLE = {Critical Factors Influencing the Performance of E-Business in SMEs},
   AUTHOR = {Soheil Mojtabaei Motlagh and Mohammad Ali Jabbari Sabegh},
   JOURNAL = {Journal of Business and Management},
   VOLUME = {3},
   issue_date = {August 2012},
   YEAR = {2012},
   pages = {18-22},
   note = {Graduate School of Management - Multimedia University}
}

@misc{criticalfactors2014-,
   AUTHOR = {Heloisa Rebucci Lirani},
   TITLE = "{Fatores críticos de sucesso da pequena empresa: um levantamento em empresas do setor de varejo de São Carlos/SP}",
   YEAR = {2014},
   HOWPUBLISHED = {\url{http://www.teses.usp.br/teses/disponiveis/18/18157/tde-03122014-170126/publico/HeloisaRebucciLiraniDEFINITIVO1.pdf}},
   NOTE = {Online; acessado em 10/05/2019}
}

@MASTERSTHESIS {criticalfactors2014,
    author = "HELOISA REBUCCI LIRANI",
    title  = "Fatores críticos de sucesso da pequena empresa: um levantamento em empresas do setor de varejo de São Carlos/SP",
    school = "Escola de engenharia de São Carlos - Programa de pós-graduação em engenharia de produção.",
    year   = "2014",
    note   = "Dissertação para título de Mestre em Engenharia de Produção"
}

%---------------------------------------------------------
% D D D
%---------------------------------------------------------

@ARTICLE {Dahlqvist2000,
    author  = "Jonas Dahlqvist and Per Davidsson and Johan Wiklund",
    title   = "Initial Conditions as Predictors of New Venture Performance: A Replication and Extension of the Cooper et al. study",
    journal = "Enterprise and Innovation Management Studies",
    year    = "2000",
    volume  = "1",
    pages   = "1-17",
    note    = "Jönköping International Business School"
}

%---------------------------------------------------------
% E E E
%---------------------------------------------------------

@MISC {ecommerceschool2015,
    author       = "EcommerceSchool",
    title        = "Pesquisa Profissionais de Ecommerce",
    howpublished = "\url{http://www.ecommerceschool.com.br/Pesquisa-Profissionais-de-Ecommerce-Ecommerce-School-2011.pdf}",
    month        = "aug",
    year         = "2011",
    note         = "Online; acessado em 26/06/2019"
}

@MISC {ecomnews,
    author       = "Ecommercenews",
    title        = "Tempo médio de vida de lojas virtuais é de apenas três meses no Brasil",
    howpublished = "\url{https://ecommercenews.com.br/noticias/pesquisas-noticias/tempo-medio-de-vida-de-lojas-virtuais-e-de-apenas-tres-meses-no-brasil/}",
    year         = "2014",
    note         = "Online; acessado em 14/05/2019"
}

@misc{ecombrasil2018,
   AUTHOR = {Guilherme Lunardi},
   TITLE = "{12 dados que comprovam o crescimento do e-commerce no Brasil}",
   YEAR = {2018},
   HOWPUBLISHED = {\url{https://www.ecommercebrasil.com.br/artigos/12-dados-que-comprovam-o-crescimento-do-e-commerce-no-brasil/}},
   NOTE = {Online; acessado em 01/05/2019}
}

@misc{exameplanmodel,
   AUTHOR = {Camila Lam},
   TITLE = "{Quais são as diferenças entre modelo e plano de negócio}",
   YEAR = {2015},
   HOWPUBLISHED = {\url{https://exame.abril.com.br/pme/quais-sao-as-diferencas-entre-modelo-e-plano-de-negocio/}},
   NOTE = {Online; acessado em 05/05/2019}
}

@misc{ecombrasil2013,
   AUTHOR = {Marcelo Pimenta},
   TITLE = "{Modelos de negócio para e-commerce}",
   YEAR = {2013},
   HOWPUBLISHED = {\url{https://www.ecommercebrasil.com.br/artigos/modelos-negocio-commerce/}},
   NOTE = {Online; acessado em 11/12/2018}
}

@misc{ecombrmkt,
   AUTHOR = {Renato Oliveira},
   TITLE = "{Vantagens do marketplace para PMEs}",
   YEAR = {2018},
   HOWPUBLISHED = {\url{https://www.ecommercebrasil.com.br/artigos/vantagens-do-marketplace-para-pmes/}},
   NOTE = {Online; acessado em 27/11/2018}
}

%---------------------------------------------------------
% F F F
%---------------------------------------------------------

@ARTICLE {freitasc.2014,
    author  = "CINTHIA FREITAS",
    title   = "O CASO B2W: comércio eletrônico e consumo",
    journal = "Revista Jurídica - UNICURITIBA",
    year    = "2014",
    volume  = "2",
    number  = "35",
    pages   = "297-316"
}

%---------------------------------------------------------
% G G G
%---------------------------------------------------------

@ARTICLE {guzmanj.&santosf.j.2001-,
    author  = "Guzman, J. \& Santos, F.J.",
    title   = "The Booster Function and the Entrepreneurial Quality: An Application to the Province of Seville.",
    journal = "An International Journal",
    year    = "2001",
    pages   = "211-228",
    note    = "Página 217"
}

@ARTICLE {guzmanj.&santosf.j.2001,
    author  = "Joaquín Guzmán and F. Javier Santos",
    title   = "The booster function and the entrepreneurial quality: An application to the province of seville.",
    journal = "An International Journal",
    year    = "2001",
    volume  = "13",
    number  = "3",
    pages   = "211-228"
}

@ARTICLE {gupta,
    author  = "CINTHIA FREITAS",
    title   = "Consumer and corporate adoption of the world wide web as a comercial medium.",
    journal = "Electronic marketing and the consumer",
    year    = "1997",
    volume  = "2",
    number  = "35",
    pages   = "123-138"
}

@misc{gov2016-,
   AUTHOR = {Alexandre Nilo Fonseca and Ludovino Lopes},
   TITLE = "{Estudo comparativo sobre comércio eletrônico nas pequenas e médias empresas no Brasil e União Europeia}",
   YEAR = {2016},
   pages = {51--77},
   HOWPUBLISHED = {\url{http://www.mdic.gov.br/images/REPOSITORIO/scs/decos/Estudos/estudo_com%C3%A9rcio_eletr%C3%B4nico.pdf}},
   NOTE = {Online; acessado em 08/12/2018}
}

@MISC {gov2016,
    author       = "Alexandre Nilo Fonseca and Ludovino Lopes",
    title        = "Estudo comparativo sobre comércio eletrônico nas pequenas e médias empresas no Brasil e União Europeia",
    howpublished = "http://www.mdic.gov.br/images/REPOSITORIO/scs/decos/Estudos/estudo_com%C3%A9rcio_eletr%C3%B4nico.pdf",
    month        = "may",
    year         = "2016",
    note         = "Ministério da Indústria, Comércio Exterior e Serviços - Governo Federal. Online; acessado em 08/12/2019"
}

@ARTICLE {henrique2010,
    author  = "Henrique Corrêa Vieira and Aline Eggres de Castro and Vitor Francisco Schuch Júnior",
    title   = "O uso de questionários via e-mail em pesquisas acadêmicas sob a ótica dos respondentes",
    journal = "XVIII SEMEAD Seminários em Administração",
    year    = "2010",
    month   = "sep"
}

%---------------------------------------------------------
% I I I
%---------------------------------------------------------

@BOOK {idalbertochiavenato2007,
    author    = "Idalberto Chiavenato",
    title     = "Empreendedorismo. Dando asas ao espírito empreendedor.",
    publisher = "Saraiva",
    year      = "2007",
    address   = "São Paulo",
    edition   = "second",
    note      = "Pág. 15"
}

@MISC {IBGE2003,
    author       = "IBGE",
    title        = "As micro e pequenas empresas comerciais e de serviços no Brasil",
    howpublished = "\url{https://biblioteca.ibge.gov.br/visualizacao/livros/liv1898.pdf}",
    year         = "2003",
    note         = "Estudo sobre as Micro e Pequenas Empresas de comércio e serviços no brasil, relativo ao ano 2001. Instituto Brasileiro de Geografia e Estatística. Online; acessado em 15/12/2018"
}

@misc{imbmark2019,
   AUTHOR = {Vitor Peçanha},
   TITLE = "{O que é Inbound Marketing? Conheça o Marketing de Atração e desenvolva estratégias para atrair e conquistar clientes}",
   YEAR = {2019},
   HOWPUBLISHED = {\url{https://rockcontent.com/blog/o-que-e-inbound-marketing/}},
   NOTE = {Online; acessado em 28/05/2019}
}

@article{inbci,
   TITLE = {O marketing de conteúdo, o inbound marketing e suas confluencias à ciência da informação},
   AUTHOR = {Gustavo Lunardelli Trevisan and Silvana Drumond Monteiro},
   YEAR = {2017},
   HOWPUBLISHED = {\url{http://www.uel.br/eventos/cinf/index.php/secin2017/secin2107/paper/viewFile/420/322}},
   note = {VII Seminário em Ciência da Informação - SECIN. Universidade Estadual de Londrina - UEL.},
}

@MANUAL {inbpme,
    title        = "Marketing digital para MPEs",
    author       = "LUIZA DRUBSCKY and LAÍS BOLINA and THIAGO SOUZA",
    organization = "Rock Content",
    year         = "2018",
    note         = "Manual sobre marketing de Conteúdo no mercado brasileiro."
}

%---------------------------------------------------------
% J J J
%---------------------------------------------------------

%---------------------------------------------------------
% K K K
%---------------------------------------------------------

@ARTICLE {krausss.i.etal2005,
    author  = "Stefanie Krauss and Michael Frese and Christian Friedrich",
    title   = "Entrepreneurial orientation: a psychological model of success among southern African small business owners",
    journal = "European Journal of Work and Organization Psychology",
    year    = "2005",
    volume  = "14",
    number  = "3",
    pages   = "315-344"
}

@article{kpiufu2017-,
   TITLE = {Definição e implantação de KPIs para auxiliar a gestão de uma empresa de softwares},
   AUTHOR = {JOSÉ RIBEIRO FILHO},
   YEAR = {2017},
   pages = {16},
   HOWPUBLISHED = {\url{https://repositorio.ufu.br/bitstream/123456789/19307/1/DefinicaoImplantacaoKPIs.pdf}},
}

@ARTICLE {kpiufu2017,
    author  = "JOSÉ RIBEIRO FILHO",
    title   = "Definição e implantação de KPIs para auxiliar a gestão de uma empresa de softwares",
    year    = "2017",
    month   = "aug",
    note    = "Trabalho de Conclusão de Curso - Engenharia de Produção. Universidade Federal de Uberlândia - UFU."
}

@misc{locaweb2019,
   AUTHOR = {Isabela Ponpeu},
   TITLE = "{KPIs: entenda o que são e quais os mais importantes para sua PME}",
   YEAR = {2019},
   HOWPUBLISHED = {\url{https://apreendedorismo.locaweb.com.br/gestao-e-negocios/kpis-entenda-o-que-sao-e-quais-os-mais-importantes-para-sua-pme/}},
   NOTE = {Online; acessado em 28/05/2019}
}

@book{parmenter-,
   TITLE = {Key Performance Indicators (KPI): Developing, Implementing, and Using Winning KPIs},
   AUTHOR = {David Parmenter},
   YEAR = {2007},
   note = {Pág. 1-14},
}

@BOOK {parmenter,
    author    = "David Parmenter",
    title     = "Key Performance Indicators (KPI): Developing, Implementing, and Using Winning KPIs",
    publisher = "John Wiley \& Sons",
    year      = "2015",
    edition   = "third",
    note      = "Pág. 1-14"
}

%---------------------------------------------------------
% L L L
%---------------------------------------------------------

@ARTICLE {ligthelma.a.&cantm.c2002-,
    author  = "Ligthelm, A.A. \& Cant, M.C",
    title   = "Business success factors of SMEs in Gauteng: A proactive entrepreneurial approach",
    journal = "UNISA. Bureau of market research. Research report no 311.  Faculty of economic and management science.",
    year    = "2002",
    note    = "Pág. 5"
}


@BOOK {ligthelma.a.&cantm.c2002,
    author    = "A. A. Ligthelm and Michael Colin Cant",
    title     = "Business success factors of SMEs in Gauteng : a proactive entrepeneurial approach",
    publisher = "Bureau of Market Research",
    year      = "2002",
    volume    = "311",
    note      = "Collaborators: University of South Africa and Bureau of Market Research. Pág. 5"
}

%---------------------------------------------------------
% M M M
%---------------------------------------------------------

@BOOK {marconilakatos2005,
    author    = "Marina de Andrade Marconi and Eva Maria Lakatos",
    title     = "Fundamentos de metodologia científica",
    publisher = "Atlas",
    year      = "2005",
    address   = "São Paulo",
    edition   = "sixth"
}

@article{MorrisMichaelandZahra2000,
    author = {Morris, Michael and Zahra, S},
    year = {2000},
    month = {jan},
    pages = {92-100},
    title = {Adaptation of the business concept over time: The case of historically, disadvantaged South African owner/managers},
    volume = {38},
    journal = {Journal of Small Business Management},
}

@ARTICLE {motta2013,
    author  = "Marcelo Paiva da Motta",
    title   = "Geografia dos domínios de internet no Brasil",
    journal = "Revista Brasileira de Inovação",
    year    = "2013",
    volume  = "12",
    number  = "2",
    pages   = "311-344",
    month   = "jul",
    note    = "Instituto Brasileiro de Geografia e Estatística IBGE"
}

@ARTICLE {mourao2010,
    author  = "Paulo Reis Mourao and Adilson Oliveira",
    title   = "Determinantes regionais da sobrevivência e da mortalidade das empresas: o caso português.",
    journal = "Revista Brasileira de Economia de Empresas.",
    year    = "2010",
    volume  = "10",
    number  = "2",
    pages   = "15-37",
    note    = "Editora Universa. Universidade Católica de Brasília"
}

@ARTICLE {mpme2018,
    author  = "Andréa Bastos da S. Guimarães and Kátia C. Medeiros de Carvalho and Luiz Andrés Ribeiro Paixão",
    title   = "Micro, pequenas e médias empresas: conceitos e estatísticas",
    journal = "Radar - Tecnologia, Produção e Comécio Exterior. IPEA - Instituto de Pesquisa Econômica Aplicada",
    year    = "2018",
    volume  = "55",
    pages   = "21-26",
    month   = "feb"
}

@article{mpme2017-,
   TITLE = {Implantação de E-commerce em médias empresas: conhecimentos específicos necessários aos profissionais de marketing},
   AUTHOR = {Maurício Diniz da costa},
   YEAR = {2017},
   pages = {20},
   HOWPUBLISHED = {\url{https://www.riuni.unisul.br/handle/12345/4901}},
}

@ARTICLE {mpme2017,
    author  = "Maurício Diniz da Costa",
    title   = "Implantação de e-commerce em médias empresas - conhecimentos específicos necessários aos profissionais de marketing",
    year    = "2017",
    note    = " Trabalho de Conclusão do Curso - Especialização em Marketing Digital e Comércio Eletrônico. Universidade do Sul de Santa Catarina."
}

@MASTERSTHESIS {modelneg2012,
    author  = "Priscila Fernandes Henriques",
    title   = "Análise do processo de desenvolvimento de um modelo de negócio e-commerce numa PME",
    year    = "2012",
    month   = "oct",
    note    = "Ciclo de Estudos Integrados Conducentes ao Grau de Mestre em Engenharia e Gestão Industrial. Universidade do Minho - Escola de Engenharia."
}

@article{modelneg2013-,
   TITLE = {Adoção de E-Business e mudanças no modelo de negócio: inovação organizacional em pequenas empresas dos setores de comércio e serviços.},
   AUTHOR = {Jose Braz de Araujo and Silvia Novaes Zilber},
   YEAR = {2013},
   HOWPUBLISHED = {\url{http://www.scielo.br/scielo.php?pid=S0104-530X2013000100011&script=sci_abstract&tlng=pt}},
}

@ARTICLE {modelneg2013,
    author  = "Jose Braz de Araujo and Silvia Novaes Zilber",
    title   = "Adoção de E-Business e mudanças no modelo de negócio: Inovação organizacional em pequenas empresas dos setores de comércio e serviços",
    journal = "Gestão \& Produção",
    year    = "2013",
    volume  = "20",
    number  = "1",
    pages   = "147-161",
    note    = "Universidade Nove de Julho – UNINOVE"
}

@misc{marktsebrae,
   TITLE = {Conheça as vantagens de vender seus produtos em um e-marketplace},
   AUTHOR = {SEBRAE},
   YEAR = {2019},
   HOWPUBLISHED = {\url{http://www.sebrae.com.br/sites/PortalSebrae/artigos/conheca-as-vantagens-do-e-marketplace-para-os-pequenos-negocios,3f6402b5b0d36410VgnVCM1000003b74010aRCRD}},
   NOTE = {Serviço Brasileiro de Apoio às Micro e Pequenas Empresas. Online; acessado em 13/12/2018}
}

@misc{marktecbr,
   TITLE = {A importância do Marketplace para micro e pequena empresa},
   AUTHOR = {Sidney Zynger},
   YEAR = {2017},
   MONTH = {aug},
   HOWPUBLISHED = {\url{https://www.ecommercebrasil.com.br/artigos/importancia-do-marketplace/}},
   NOTE = {Online; acessado em 13/12/2018}
}

%---------------------------------------------------------
% N N N
%---------------------------------------------------------

@misc{newtrade2017,
   AUTHOR = {NewTrade},
   TITLE = "{Cresce a vida útil dos sites de e-commerce no Brasil.}",
   YEAR = {2017},
   HOWPUBLISHED = {\url{https://newtrade.com.br/varejo/vida-util-dos-sites-comerciais-no-pais-e-de-185-dias/}},
   NOTE = {Online; acessado em 14/05/2019}
}

@MISC {nichoexame,
    author       = "Dino",
    title        = "A receita de sucesso do e-commerce de nicho",
    howpublished = "\url{https://exame.abril.com.br/negocios/dino/a-receita-de-sucesso-do-e-commerce-de-nicho-shtml/}",
    month        = "nov",
    year         = "2016",
    note         = "Online; acessado em 18/05/2019"
}

@misc{nichoNV,
   AUTHOR = {NOVAVAREJO},
   TITLE = "{A receita de sucesso do e-commerce de nicho}",
   YEAR = {2016},
   HOWPUBLISHED = {\url{https://portalnovarejo.com.br/2016/08/receita-sucesso-e-commerce-nicho/}},
   NOTE = {Online; acessado em 18/05/2019}
}

@misc{nichobraeur-,
   AUTHOR = {Alexandre Nilo Fonseca and Ludovino Lopes},
   TITLE = "{Estudo comparativo sobre comércio eletrônico nas pequenas e médias empresas no Brasil e União Europeia.}",
   YEAR = {2016},
   pages = {51-77},
   HOWPUBLISHED = {\url{http://www.mdic.gov.br/images/REPOSITORIO/scs/decos/Estudos/estudo_com%C3%A9rcio_eletr%C3%B4nico.pdf}},
   NOTE = {Online; acessado em 08/12/2018}
}

@MISC {nichobraeur,
    author       = "Alexandre Nilo Fonseca and Ludovino Lopes",
    title        = "Estudo comparativo sobre comércio eletrônico nas pequenas e médias empresas no Brasil e União Europeia",
    month        = "may",
    year         = "2016",
    note         = "Ministério da Indústria, Comércio Exterior e Serviços - Governo Federal."
}

@misc{nichoesp,
   AUTHOR = {Jean Makdissi},
   TITLE = "{A morte do revendedor no e-commerce}",
   YEAR = {2018},
   HOWPUBLISHED = {\url{https://www.ecommercebrasil.com.br/artigos/morte-do-revendedor-no-e-commerce/}},
   NOTE = {Online; acessado em 26/11/2018}
}

@MISC {negdig2019,
    author       = "Equinix",
    title        = "A era da interconectividade",
    howpublished = "\url{https://hbrbr.uol.com.br/a-era-da-interconectividade/}",
    month        = "may",
    year         = "2019",
    note         = "Harvard Business Review. Online; acessado em 10/05/2019"
}

@MISC {negdig2018,
    author       = "DocuSign",
    title        = "Negócios digitais: tudo o que você precisa saber!",
    howpublished = "\url{https://www.docusign.com.br/blog/negocios-digitais-2/}",
    month        = "jul",
    year         = "2018",
    note         = "Online; acessado em 28/05/2019"
}

%---------------------------------------------------------
% O O O
%---------------------------------------------------------

%---------------------------------------------------------
% P P P
%---------------------------------------------------------

@ARTICLE {palukukazimoto2009,
    author  = "Paluku Kazimoto",
    title   = "ASSESSMENT OF FACTORS AFFECTING SMALL BUSINESSES PERFORMANCE IN TANZANIA",
    note = "Faculty of Business - Univesity of Arusha",
    year    = "2009"
}

@ARTICLE {porter2001,
    author  = "Michael E. Porter",
    title   = "Strategy and the Internet",
    journal = "Harvard Business Review",
    year    = "2001",
    volume  = "79",
    number  = "3",
    pages   = "62-78"
}

%---------------------------------------------------------
% Q Q Q
%---------------------------------------------------------

%---------------------------------------------------------
% R R R
%---------------------------------------------------------

@ARTICLE {raucha.&fresem2000,
    author  = "Andreas Rauch and Michael Frese",
    title   = "Human capital of small scale business owners and business success: A longitudinal study of moderators and mediators.",
    journal = "ICSB World Conference",
    year    = "2000",
    note    = "Pág. 2"
}

@ARTICLE {rosanasantarosa2016-,
    author  = "ROSANA SANTAROSA",
    title   = "A INATIVIDADE DAS LOJAS VIRTUAIS: Uma Análise do Comércio Eletrônico à Luz da Inovação",
    year    = "2016",
    note    = "Fundação Getúlio Vargas - Escola de Administração de Empresas de São Paulo"
}

@MASTERSTHESIS {rosanasantarosa2016,
    author = "ROSANA SANTAROSA",
    title  = "A inatividade das lojas virtuais: Uma análise do comércio eletrônico à luz da inovação",
    school = "Fundação Getulio Vargas - Escola de Administração de Empresas de São Paulo",
    year   = "2016",
    note   = "Dissertação para obtenção do título de Mestre em Administração de Empresas"
}

%---------------------------------------------------------
% S S S
%---------------------------------------------------------

@ARTICLE {stephenl.muelleranisyas.thomas2001,
    author  = "Stephen L. Mueller, Anisya S. Thomas",
    title   = "Culture and Entrepreneurial Potential: A Nine Country Study of Locus of Control and Innovativeness",
    journal = "Journal of Business Venturing",
    year    = "2001",
    volume  = "16",
    pages   = "51-75",
    month   = "jan",
}

@misc{sbvcsociedadebrasileiradevarejoeconsumo2017,
   AUTHOR = {SBVC},
   TITLE = "{Cresce a vida útil dos sites de e-commerce no Brasil}",
   YEAR = {2017},
   HOWPUBLISHED = {\url{http://sbvc.com.br/vida-util-e-commerce}},
   NOTE = {Sociedade Brasileira de Varejo e Consumo. Online; acessado em 25/09/2019}
}

@misc{sebrae2016,
   AUTHOR = {SEBRAE},
   TITLE = "{Pequenas e Médias Empresas no Brasil - Conceito e Principais instituições de Apoio aos Pequenos Negócios}",
   YEAR = {2016},
   HOWPUBLISHED = {\url{http://ois.sebrae.com.br/wp-content/uploads/2016/04/Brasil-uv-abril-20162.pdf}},
   NOTE = {Serviço Brasileiro de Apoio às Micro e Pequenas Empresas. Online; acessado em 27/03/2019}
}

@misc{sebrae2013,
   AUTHOR = {SEBRAE and DIEESE},
   TITLE = "{Anuário do trabalho na Micro e Pequena Empresa}",
   YEAR = {2013},
   pages = {17},
   HOWPUBLISHED = {\url{http://www.sebrae.com.br/Sebrae/Portal%20Sebrae/Anexos/Anuario%20do%20Trabalho%20Na%20Micro%20e%20Pequena%20Empresa_2013.pdf}},
   NOTE = {Serviço Brasileiro de Apoio às Micro e Pequenas Empresas. Departamento Intersindical de Estatística e Estudos Socioeconômicos. Online; acessado em 12/05/2019}
}

@misc{sebraesp,
   AUTHOR = {SEBRAE},
   TITLE = "{Causa Mortis - O sucesso e o fracasso das empresas nos primeiros 5 anos de vida}",
   YEAR = {2014},
   pages = {6-7},
   HOWPUBLISHED = {\url{http://www.sebrae.com.br/Sebrae/Portal%20Sebrae/UFs/SP/Anexos/causa_mortis_2014.pdf}},
   NOTE = {Serviço Brasileiro de Apoio às Micro e Pequenas Empresas. Online; acessado em 14/05/2019}
}

@misc{sebrae2018,
   AUTHOR = {SEBRAE},
   TITLE = "{Como construir um modelo de negócio para sua empresa}",
   YEAR = {2018},
   HOWPUBLISHED = {\url{http://www.sebrae.com.br/sites/PortalSebrae/artigos/como-construir-um-modelo-de-negocio-para-sua-empresa,6054fd560530d410VgnVCM1000003b74010aRCRD}},
   NOTE = {Serviço Brasileiro de Apoio às Micro e Pequenas Empresas. Online; acessado em 27/04/2019}
}

@misc{sebraecross,
   AUTHOR = {Juliana Soares Seguir},
   TITLE = "{Como reduzir custos na empresa: cross docking é alternativa}",
   YEAR = {2018},
   HOWPUBLISHED = {\url{https://comunidadesebrae.com.br/blog/como-reduzir-custos-na-empresa-cross-docking-e-alternativa}},
   NOTE = {Comunidade SEBRAE - Serviço Brasileiro de Apoio às Micro e Pequenas Empresas. Online; acessado em 13/02/2019}
}

@MISC {sebrae2019,
    author       = "SEBRAE",
    title        = "Taxa de conversão: entenda como transformar usuários em clientes",
    howpublished = {\url{https://www.sebrae.com.br/sites/PortalSebrae/artigos/taxa-de-conversao-o-grande-desafio-do-e-commerce,0eec538981227410VgnVCM2000003c74010aRCRD}},
    month        = "feb",
    year         = "2019",
    note         = "Serviço Brasileiro de Apoio às Micro e Pequenas Empresas. Online; acessado em 27/04/2019."
}

%---------------------------------------------------------
% T T T
%---------------------------------------------------------

@BOOK {tootelinc.e.&gaedeker.m2002,
    author    = "Tootelin, C. E., \& Gaedeke, R. M",
    title     = "Small business management",
    publisher = "New York: Mc Graw-Hill.",
    year      = "2002",
    edition   = "second"
}

@ARTICLE {thandekaruthkunene2008,
    author  = "Thandeka Ruth Kunene",
    title   = "A critical analysis of entrepreneurial and business skills in SMEs in the textile and clothing industry in Johannesburg, South Africa",
    year    = "2008",
    month   = "nov",
    note    = "Faculty of Economic and Management Sciences - University of Pretoria."
}

@BOOK {turban.etal.2006,
    author    = "E. TURBAN and David King and Jae Kyu LEE",
    title     = "Electronic Commerce 2006: A Managerial Perspective",
    publisher = "Prentice Hall",
    year      = "2006",
    edition   = "fourth"
}

@article{terc2009-,
   TITLE = {Effective e-commerce strategies for small online retailers},
   AUTHOR = {Patrick J.S. Tan and Ravi S. Sharma and Yin-Leng Theng},
   YEAR = {2009},
   HOWPUBLISHED = {\url{https://pdfs.semanticscholar.org/cf31/dec72c89b5709e2ecfd908a1eab416d73443.pdf}},
}

@ARTICLE {terc2009,
    author  = "Patrick J.S. Tan and Ravi S. Sharma and Yin-Leng Theng",
    title   = "Effective e-commerce strategies for small online retailers",
    journal = "Int. J. Electronic Business",
    year    = "2009",
    volume  = "7",
    number  = "5",
    pages   = "445-472",
    note    = "Wee Kim Wee School of Communication and Information - Nanyang Technological University"
}

%---------------------------------------------------------
% U U U
%---------------------------------------------------------

%---------------------------------------------------------
% V V V
%---------------------------------------------------------

@ARTICLE {vivierss.vaneedens.&venter2001,
    author  = "S. Viviers and S. Van Eeden",
    title   = "Identifying small business problems in the South African Content for proactive entrepreneurial education.",
    note = "11th global Int-Ent conference: Kruger national park.",
    year    = "2001",
    pages   = "2-4",
    month   = "jul"
}

@misc{vida2017,
   AUTHOR = {Larissa Lotufo},
   TITLE = "{Planejamento financeiro no e-commerce: seu negócio está bem organizado?}",
   YEAR = {2018},
   HOWPUBLISHED = {\url{https://www.ecommercebrasil.com.br/artigos/planejamento-financeiro-no-e-commerce-seu-negocio-esta-bem-organizado/}},
   NOTE = {Online; acessado em 15/03/2019}
}

%---------------------------------------------------------
% W W W
%---------------------------------------------------------

@ARTICLE {walkerebrown(2004)2004,
    author  = "Alan Walker and Elizabeth Brown",
    title   = "What Success Factors are Important to Small Business Owners?",
    journal = "International Small Business Journal: Researching Entrepreneurship",
    year    = "2004",
    volume  = "22",
    number  = "6",
    pages   = "577-594",
    month   = "dec"
}

%---------------------------------------------------------
% X X X
%---------------------------------------------------------

%---------------------------------------------------------
% Y Y Y
%---------------------------------------------------------

%---------------------------------------------------------
% Z Z Z
%---------------------------------------------------------

%%%%%%%%%%%%%%%%%%%%%%%%%%%%%%%%%%%%%%%%%%%%%%%%%%%%%%%%%%
%% Below is a description of all fields recognized by the standard
%% bibliography styles.  An entry can also contain other fields, which
%% are ignored by those styles.

%% address
%% Usually the address of the publisher or other type of institution.
%% For major publishing houses, van Leunen recommends omitting the
%% information entirely. For small publishers, on the other hand, you
%% can help the reader by giving the complete address.

%% annote
%% An annotation.  It is not used by the standard bibliography styles,
%% but may be used by others that produce an annotated bibliography.

%% author
%% The name(s) of the author(s),
%% in the format described in the \LaTeX\ book.

%% booktitle
%% Title of a book, part of which is being cited.  See the \LaTeX\
%% book for how to type titles.  For book entries, use the title field
%% instead.

%% chapter
%% A chapter (or section or whatever) number.

%% crossref
%% The database key of the entry being cross referenced.

%% edition
%% The edition of a book---for example, ``Second''.  This should be an
%% ordinal, and should have the first letter capitalized, as shown
%% here; the standard styles convert to lower case when necessary.

%% editor
%% Name(s) of editor(s), typed as indicated in the \LaTeX\ book.  If
%% there is also an author field, then the editor field gives the
%% editor of the book or collection in which the reference appears.

%% howpublished
%% How something strange has been published.  The first word should be
%% capitalized.

%% institution
%% The sponsoring institution of a technical report.

%% journal
%% A journal name.  Abbreviations are provided for many journals; see
%% the Local Guide.

%% key
%% Used for alphabetizing, cross referencing, and creating a label
%% when the ``author'' information (described in Section
%% odds-and-ends) is missing.  This field should not be confused with
%% the key that appears in the \cite command and at the beginning of
%% the database entry.

%% month
%% The month in which the work was published or, for an unpublished
%% work, in which it was written.  You should use the standard
%% three-letter abbreviation, as described in Appendix B.1.3 of the
%% \LaTeX\ book.

%% note
%% Any additional information that can help the reader.  The first
%% word should be capitalized.

%% number
%% The number of a journal, magazine, technical report, or of a work
%% in a series.  An issue of a journal or magazine is usually
%% identified by its volume and number; the organization that issues a
%% technical report usually gives it a number; and sometimes books are
%% given numbers in a named series.

%% organization
%% The organization that sponsors a conference or that publishes a
%% manual.

%% pages
%% One or more page numbers or range of numbers, such as 42--111 or
%% 7,41,73--97 or 43+ (the `+' in this last example indicates pages
%% following that don't form a simple range).  To make it easier to
%% maintain Scribe-compatible databases, the standard styles convert a
%% single dash (as in 7-33) to the double dash used in \TeX\ to denote
%% number ranges (as in 7--33}).

%% publisher
%% The publisher's name.

%% school
%% The name of the school where a thesis was written.

%% series
%% The name of a series or set of books.  When citing an entire book,
%% the the title field gives its title and an optional series field
%% gives the name of a series or multi-volume set in which the book is
%% published.

%% title
%% The work's title, typed as explained in the \LaTeX\ book.

%% type
%% The type of a technical report---for example, ``Research Note''.

%% volume
%% The volume of a journal or multivolume book.

%% year
%% The year of publication or, for an unpublished work, the year it
%% was written.  Generally it should consist of four numerals, such as
%% 1984, although the standard styles can handle any year whose last
%% four nonpunctuation characters are numerals, such as about 1984.
%%%%%%%%%%%%%%%%%%%%%%%%%%%%%%%%%%%%%%%%%%%%%%%%%%%%%%%%%%

